<record xmlns="http://www.loc.gov/MARC21/slim" xmlns:xsi="http://www.w3.org/2001/XMLSchema-instance" xsi:schemaLocation="http://www.loc.gov/MARC21/slim http://www.loc.gov/standards/marcxml/schema/MARC21slim.xsd"><leader>     nam a22        4500</leader><controlfield tag="001">3367948</controlfield><controlfield tag="003">NNC</controlfield><controlfield tag="006">m        d        </controlfield><controlfield tag="007">cr cn |||m|||a</controlfield><controlfield tag="008">150316s1937    ua      o     000 0 ara d</controlfield><datafield ind1=" " ind2=" " tag="040"><subfield code="a">NNU</subfield><subfield code="b">eng</subfield><subfield code="c">NNU</subfield></datafield><datafield ind1="1" ind2=" " tag="100"><subfield code="6">880-01</subfield><subfield code="a">Shibli&#772;, Muh&#803;ammad ibn &#699;Abd Alla&#772;h,</subfield><subfield code="d">1312-1367.</subfield></datafield><datafield ind1="1" ind2="0" tag="245"><subfield code="6">880-02</subfield><subfield code="a">A&#772;ka&#772;m al-marja&#772;n fi&#772; ghara&#772;&#700;ib al-akhba&#772;r wa-ah&#803;ka&#772;m al-ja&#772;nn</subfield><subfield code="h">[electronic resource].</subfield></datafield><datafield ind1=" " ind2=" " tag="260"><subfield code="6">880-03</subfield><subfield code="a">Cairo,</subfield><subfield code="c">1356, [1937]</subfield></datafield><datafield ind1=" " ind2=" " tag="300"><subfield code="a">online resource (230, 7 p.)</subfield></datafield><datafield ind1=" " ind2=" " tag="500"><subfield code="a">Part of the Arabic Collections Online (ACO) project, contributed by Columbia University Libraries.</subfield></datafield><datafield ind1=" " ind2=" " tag="533"><subfield code="a">Electronic reproduction.</subfield><subfield code="b">New York, N.Y. :</subfield><subfield code="c">New York University,</subfield><subfield code="d">2015.</subfield><subfield code="5">NNU</subfield></datafield><datafield ind1="2" ind2=" " tag="710"><subfield code="a">Columbia University.</subfield><subfield code="b">Libraries.</subfield></datafield><datafield ind1="0" ind2=" " tag="730"><subfield code="a">Arabic Collections Online.</subfield></datafield><datafield ind1="0" ind2="8" tag="776"><subfield code="i">Online version:</subfield><subfield code="a">Shibli&#772;, Muh&#803;ammad ibn &#699;Abd Alla&#772;h, 1312-1367.</subfield><subfield code="t">A&#772;ka&#772;m al-marja&#772;n fi&#772; ghara&#772;&#700;ib al-akhba&#772;r wa-ah&#803;ka&#772;m al-ja&#772;nn.</subfield><subfield code="d">Cairo, 1356, [1937]</subfield><subfield code="w">(OCoLC)555206503</subfield></datafield><datafield ind1="0" ind2="8" tag="776"><subfield code="i">Print version:</subfield><subfield code="a">Shibli&#772;, Muh&#803;ammad ibn &#699;Abd Alla&#772;h, 1312-1367.</subfield><subfield code="t">A&#772;ka&#772;m al-marja&#772;n fi&#772; ghara&#772;&#700;ib al-akhba&#772;r wa-ah&#803;ka&#772;m al-ja&#772;nn</subfield><subfield code="w">(NNC)3367948</subfield><subfield code="w">(OCoLC)56922694</subfield></datafield><datafield ind1="4" ind2="0" tag="856"><subfield code="u">http://hdl.handle.net/2333.1/ttdz0bzd</subfield></datafield><datafield ind1="1" ind2=" " tag="880"><subfield code="6">100-01/r</subfield><subfield code="a">&#1588;&#1576;&#1604;&#1610;&#1548; &#1605;&#1581;&#1605;&#1583; &#1576;&#1606; &#1593;&#1576;&#1583; &#1575;&#1604;&#1604;&#1607;&#1548;</subfield><subfield code="d">1312-1367.</subfield></datafield><datafield ind1="1" ind2="0" tag="880"><subfield code="6">245-02/r</subfield><subfield code="a">&#1570;&#1603;&#1575;&#1605; &#1575;&#1604;&#1605;&#1585;&#1580;&#1575;&#1606; &#1601;&#1610; &#1594;&#1585;&#1575;&#1574;&#1576; &#1575;&#1604;&#1575;&#1582;&#1576;&#1575;&#1585; &#1608;&#1575;&#1581;&#1603;&#1575;&#1605; &#1575;&#1604;&#1580;&#1575;&#1606;.</subfield></datafield><datafield ind1=" " ind2=" " tag="880"><subfield code="6">260-03/r</subfield><subfield code="a">&#1575;&#1604;&#1602;&#1575;&#1607;&#1585;&#1577;&#1548;</subfield><subfield code="c">1356, [1937]</subfield></datafield><datafield ind1=" " ind2=" " tag="959"><subfield code="a">NNU</subfield><subfield code="b">WEB</subfield><subfield code="c">GENI</subfield><subfield code="t">0</subfield><subfield code="m">Electronic access</subfield><subfield code="s">01</subfield></datafield><datafield ind1=" " ind2=" " tag="999"><subfield code="i">NNC_3367948</subfield><subfield code="o">(OCoLC)ocm56922694</subfield><subfield code="e">(ERROR-880)</subfield><subfield code="s">columbia_aco000335</subfield></datafield></record>